@inproceedings{liu2021makes,
  title={What makes videos accessible to blind and visually impaired people?},
  author={Liu, Xingyu and Carrington, Patrick and Chen, Xiang'Anthony' and Pavel, Amy},
  booktitle={Proceedings of the 2021 CHI Conference on Human Factors in Computing Systems},
  pages={1--14},
  year={2021}
}

@inproceedings{peng2021slidecho,
  title={Slidecho: Flexible non-visual exploration of presentation videos},
  author={Peng, Yi-Hao and Bigham, Jeffrey P and Pavel, Amy},
  booktitle={Proceedings of the 23rd International ACM SIGACCESS Conference on Computers and Accessibility},
  pages={1--12},
  year={2021}
}

@inproceedings{kong2021tutoriallens,
  title={TutorialLens: authoring Interactive augmented reality tutorials through narration and demonstration},
  author={Kong, Junhan and Sabha, Dena and Bigham, Jeffrey P and Pavel, Amy and Guo, Anhong},
  booktitle={Proceedings of the 2021 ACM Symposium on Spatial User Interaction},
  pages={1--11},
  year={2021}
}

@inproceedings{kotturi2022tech,
  title={Tech help desk: Support for local entrepreneurs addressing the Long Tail of computing challenges},
  author={Kotturi, Yasmine and Johnson, Herman T and Skirpan, Michael and Fox, Sarah E and Bigham, Jeffrey P and Pavel, Amy},
  booktitle={Proceedings of the 2022 CHI Conference on Human Factors in Computing Systems},
  pages={1--15},
  year={2022}
}

@inproceedings{williams2022toward,
  title={Toward supporting quality alt text in computing publications},
  author={Williams, Candace and de Greef, Lilian and Harris III, Ed and Findlater, Leah and Pavel, Amy and Bennett, Cynthia},
  booktitle={Proceedings of the 19th International Web for All Conference},
  pages={1--12},
  year={2022}
}

@inproceedings{liu2022crossa11y,
  title={CrossA11y: Identifying Video Accessibility Issues via Cross-modal Grounding},
  author={Liu, Xingyu" Bruce" and Wang, Ruolin and Li, Dingzeyu and Chen, Xiang Anthony and Pavel, Amy},
  booktitle={Proceedings of the 35th Annual ACM Symposium on User Interface Software and Technology},
  pages={1--14},
  year={2022}
}

@inproceedings{peng2022diffscriber,
  title={Diffscriber: Describing Visual Design Changes to Support Mixed-Ability Collaborative Presentation Authoring},
  author={Peng, Yi-Hao and Wu, Jason and Bigham, Jeffrey and Pavel, Amy},
  booktitle={Proceedings of the 35th Annual ACM Symposium on User Interface Software and Technology},
  pages={1--13},
  year={2022}
}

@inproceedings{warner2023slidespecs,
  title={Slidespecs: Automatic and interactive presentation feedback collation},
  author={Warner, Jeremy and Pavel, Amy and Nguyen, Tonya and Agrawala, Maneesh and Hartmann, Bjoern},
  booktitle={Proceedings of the 28th International Conference on Intelligent User Interfaces},
  pages={695--709},
  year={2023}
}

@inproceedings{huh2023avscript,
  title={AVscript: Accessible Video Editing with Audio-Visual Scripts},
  author={Huh, Mina and Yang, Saelyne and Peng, Yi-Hao and Chen, Xiang'Anthony' and Kim, Young-Ho and Pavel, Amy},
  booktitle={Proceedings of the 2023 CHI Conference on Human Factors in Computing Systems},
  pages={1--17},
  year={2023}
}

@inproceedings{south2023exploratory,
  title={Exploratory thematic analysis of crowdsourced photosensitivity warnings},
  author={South, Laura and Yildirim, Caglar and Pavel, Amy and Borkin, Michelle A},
  booktitle={Extended Abstracts of the 2023 CHI Conference on Human Factors in Computing Systems},
  pages={1--7},
  year={2023}
}

@inproceedings{huh2023genassist,
  title={GenAssist: Making image generation accessible},
  author={Huh, Mina and Peng, Yi-Hao and Pavel, Amy},
  booktitle={Proceedings of the 36th Annual ACM Symposium on User Interface Software and Technology},
  pages={1--17},
  year={2023}
}

@inproceedings{killough2023exploring,
  title={Exploring Community-Driven Descriptions for Making Livestreams Accessible},
  author={Killough, Daniel and Pavel, Amy},
  booktitle={Proceedings of the 25th International ACM SIGACCESS Conference on Computers and Accessibility},
  pages={1--13},
  year={2023}
}

@article{yang2023geolatent,
  title={GeoLatent: A Geometric Approach to Latent Space Design for Deformable Shape Generators},
  author={Yang, Haitao and Sun, Bo and Chen, Liyan and Pavel, Amy and Huang, Qixing},
  journal={ACM Transactions on Graphics (TOG)},
  volume={42},
  number={6},
  pages={1--20},
  year={2023},
  publisher={ACM New York, NY, USA}
}

@inproceedings{south2024barriers,
  title={Barriers to Photosensitive Accessibility in Virtual Reality},
  author={South, Laura and Yildirim, Caglar and Pavel, Amy and Borkin, Michelle A},
  booktitle={Proceedings of the CHI Conference on Human Factors in Computing Systems},
  pages={1--13},
  year={2024}
}

@inproceedings{van2024making,
  title={Making Short-Form Videos Accessible with Hierarchical Video Summaries},
  author={Van Daele, Tess and Iyer, Akhil and Zhang, Yuning and Derry, Jalyn C and Huh, Mina and Pavel, Amy},
  booktitle={Proceedings of the CHI Conference on Human Factors in Computing Systems},
  pages={1--17},
  year={2024}
}

@inproceedings{valencia2024compa,
  title={COMPA: Using Conversation Context to Achieve Common Ground in AAC},
  author={Valencia, Stephanie and Huynh, Jessica and Jiang, Emma Y and Wu, Yufei and Wan, Teresa and Zheng, Zixuan and Admoni, Henny and Bigham, Jeffrey P and Pavel, Amy},
  booktitle={Proceedings of the CHI Conference on Human Factors in Computing Systems},
  pages={1--18},
  year={2024}
}

@article{iglesias2024accessibility,
  title={Accessibility Evaluation of an Assistive Social Robotic Platform for Rehabilitation and Its Improvement by Means of Haptic Devices},
  author={Iglesias, Ana and Fern{\'a}ndez, Fernando and Pulido, Jos{\'e} Carlos and D{\'\i}az, Carmen and Qbilat, Malak and Pavel, Amy},
  journal={Procedia Computer Science},
  volume={239},
  pages={1516--1523},
  year={2024},
  publisher={Elsevier}
}

@article{huh2024designchecker,
  title={DesignChecker: Visual Design Support for Blind and Low Vision Web Developers},
  author={Huh, Mina and Pavel, Amy},
  journal={arXiv preprint arXiv:2407.17681},
  year={2024}
}

@article{huh2024long,
  title={Long-Form Answers to Visual Questions from Blind and Low Vision People},
  author={Huh, Mina and Xu, Fangyuan and Peng, Yi-Hao and Chen, Chongyan and Murugu, Hansika and Gurari, Danna and Choi, Eunsol and Pavel, Amy},
  journal={arXiv preprint arXiv:2408.06303},
  year={2024}
}

@article{gubbi2024context,
  title={Context-Aware Image Descriptions for Web Accessibility},
  author={Gubbi Mohanbabu, Ananya and Pavel, Amy},
  journal={arXiv e-prints},
  pages={arXiv--2409},
  year={2024}
}